<?xml version="1.0" encoding="UTF-8"?><record xmlns="http://www.loc.gov/MARC21/slim" xmlns:cinclude="http://apache.org/cocoon/include/1.0" xmlns:zs="http://www.loc.gov/zing/srw/">
  <leader>00758cz  a2200169n  4500</leader>
  <controlfield tag="001">no2012107758</controlfield>
  <controlfield tag="003">DLC</controlfield>
  <controlfield tag="005">20120821075833.0</controlfield>
  <controlfield tag="008">120810n| acannaabn          |a ana     c</controlfield>
  <datafield tag="010" ind1=" " ind2=" ">
    <subfield code="a">no2012107758</subfield>
  </datafield>
  <datafield tag="035" ind1=" " ind2=" ">
    <subfield code="a">(OCoLC)oca09273015</subfield>
  </datafield>
  <datafield tag="040" ind1=" " ind2=" ">
    <subfield code="a">DGPO</subfield>
    <subfield code="b">eng</subfield>
    <subfield code="c">DGPO</subfield>
    <subfield code="d">DLC</subfield>
  </datafield>
  <datafield tag="111" ind1="2" ind2=" ">
    <subfield code="a">INL-JISEA Workshop on Nuclear Hybrid Energy Systems</subfield>
    <subfield code="d">(2012 :</subfield>
    <subfield code="c">Salt Lake City, Utah)</subfield>
  </datafield>
  <datafield tag="411" ind1="2" ind2=" ">
    <subfield code="a">Nuclear Hybrid Energy Systems, INL-JISEA Workshop on</subfield>
  </datafield>
  <datafield tag="411" ind1="2" ind2=" ">
    <subfield code="a">Workshop on Nuclear Hybrid Energy Systems, INL-JISEA</subfield>
  </datafield>
  <datafield tag="667" ind1=" " ind2=" ">
    <subfield code="a">THIS 1XX FIELD CANNOT BE USED UNDER RDA UNTIL THIS RECORD HAS BEEN REVIEWED AND/OR UPDATED</subfield>
  </datafield>
  <datafield tag="670" ind1=" " ind2=" ">
    <subfield code="a">Summary report of the INL-JISEA Workshop on Nuclear Hybrid Energy Systems, 2012:</subfield>
    <subfield code="b">PDF file, p. 2 (held on Apr. 3-4, 2012, in Salt Lake City, Utah)</subfield>
  </datafield>
</record>